@book{livro1,
  title			= {Qualidade das Águas e Poluição: Aspectos Físicos- Químicos},
  author		= {Roque Passos Piveli and Mario Takayuki Kato},
  year			= {2006},
  isbn			= {9788590589716},
  publisher     = {ABES}
}